@book{Hassler.2010,
 keyword={primary},
 author = {Hassler, Marco},
 year = {2012},
 title = {Web Analytics. Metriken auswerten, Besucherverhalten verstehen, Webseite optimieren},
 address = {Heidelberg},
 edition = {2},
 publisher = {mtip},
 isbn = {978-3826658846}
}

@book{Reese.2009,
 keyword={primary},
 author = {Reese, Frank},
 year = {2009},
 title = {Web analytics - damit aus Traffic Umsatz wird: die besten Tools und Strategien},
 address = {G{\"o}ttingen},
 edition = {2},
 publisher = {BusinessVillage},
 isbn = {978-3938358719}
}

@book{Hienerth.2010,
 keyword={primary},
 author = {Claudia, Hienerth},
 year = {2010},
 title = {Kennzahlenmodell zur Erfolgsbewertung des E-Commerce. Analyse am Beispiel eines Mehrkanaleinzelhändlers.},
 address = {Wiesbaden},
 publisher = {GWV Fachverlage},
 isbn = {978-3834984753}
}

@book{Stahl.2009,
 keyword={primary},
 author = {Stahl, Ernst and Krabichler, Thomas and Breitschaft, Markus and Wittmann, Georg},
 year = {2009},
 title = {E-Commerce-Leitfaden: Erfolgreicher im elektronischen Handel},
 address = {Regensburg},
 edition = {2},
 publisher = {Universit{\"a}tsverlag Regensburg},
 isbn = {978-3868450200}
}

@book{Deming.1986,
 keyword={primary},
 author = {Deming, William Edwards},
 year = {1986},
 title = {Out of the Crisis},
 adress = {Cambridge},
 publisher = {Cambridge Univerity Press},
 isbn = {978-0521305532}
}

@book{Kaushik.2010,
	keyword={primary},
	author = {Kaushik, Avinash},
	year = {2010},
	title = {Web Analytics 2.0: The Art of Online Accountability and Science of Customer Centricity},
	adress = {Indianapolis},
	publisher = {Wiley Publishing},
	isbn = {978-0470529393}
}

@book{Kaushik.2007,
 keyword={primary},
 author = {Kaushik, Avinash},
 year = {2007},
 title = {Web Analytics. An hour a day},
 adress = {Indianapolis},
 publisher = {Wiley Publishing},
 isbn = {978-0470130650}
}

@online{website:welt:artikel,
	title = "Der Online-Handel wächst mit Riesenschritten",
	author = "Bob Geisler",
	year = "2013",
	url = "http://www.welt.de/print/die_welt/hamburg/article113596581/Der-Online-Handel-waechst-mit-Riesenschritten.html",
	note = "28.07.2017, 09:30"
}

@online{website:unifreiburg:webanalytics,
	title = "Web Analytics in Unternehmen. Empirische Untersuchung über den Einsatz, Nutzen und die Probleme der Web Analyse im deutschsprachigen Markt.",
	author = "Zumstein, Darius and Z{\"u}ger, Dario and Meier, Andreas",
	year = "2011",
	url = "https://diuf.unifr.ch/main/is/sites/diuf.unifr.ch.main.is/files/documents/research/resultate_web_analytics_umfrage.pdf",
	note = "28.07.2017, 09:30"
}

@online{website:unifreiburg:webanalytics2,
	title = "Web Analytics. Explorative Analyse zu Einsatz, Nutzen und Problemen",
	author = "Zumstein, Darius",
	year = "2012",
	url = "https://doc.rero.ch/record/29747/files/ZumsteinD.pdf",
	note = "28.07.2017, 09:30"
}


@online{website:drweb:artikel,
	title = "So Senken Sie ihre Retourenquote",
	author = "Diwosch, Manuel",
	year = "2008",
	url = "https://www.drweb.de/magazin/so-senken-sie-ihre-retourenquote/",
	note = "28.07.2017, 09:30"
}

@online{website:webanalyticsdemystified:ebook,
	title = "The big book of Key Performance Indicators",
	author = "Peterson, Eric T.",
	year = "2006",
	url = "http://www.webanalyticsdemystified.com/downloads/The_Big_Book_of_Key_Performance_Indicators_by_Eric_Peterson.pdf",
	note = "28.07.2017, 9:30"

}
